%% This BibTeX bibliography file was created using BibDesk.
%% http://bibdesk.sourceforge.net/


%% Created for Ruychi at 2009-08-04 21:03:17 +0100 


%% Saved with string encoding Unicode (UTF-8) 
