%% This BibTeX bibliography file was created using BibDesk.
%% http://bibdesk.sourceforge.net/


%% Created for Ruychi at 2009-08-04 21:03:17 +0100 


%% Saved with string encoding Unicode (UTF-8) 

    
@article{workforce,
	Author = {L. Lippman and R. Ryberg and R. Carney and K. Moore},
    Date-Added = {2017-12-19 14:53:00},
    Title = {Workforce connections: Key soft skills that foster youth workforce success},
    Month = {June},
    Year = {2015}}
    
 @article{executive,
 	Author = {M. Robles},
    Date-Added = {2017-12-19 15:53:00},
    Title = {Executive Perceptions of the Top 10 Soft Skills Needed in Todayâ€™s Workplace},
    Month = {October},
    Year = {2018}}